@misc{NWPUThesisLaTeXTemplate,
    title={{{\LaTeX}}-Template-For-NPU-Thesis},
    author={Shangkun Shen and Zhihe Wang and Jiduo Zhang and Weijia Zhang},
    year={2016},
    month={05}
}

@book{王斌2010信,
  title={信息检索导论},
  author={王斌},
  year={2010},
  publisher={北 京: 人 民 邮 电 出 版 社}
}

